<?xml version="1.0" encoding="UTF-8"?><collection xmlns="http://www.loc.gov/MARC21/slim"><record><leader>00427nam--2200133-i-4500</leader><controlfield tag="001">000009193</controlfield><controlfield tag="002">20161230</controlfield><controlfield tag="005">20161230201028</controlfield><controlfield tag="008">060222s1000------------r-----000-0-eng-d</controlfield><datafield ind1=" " ind2=" " tag="080"><subfield code="a">621.38</subfield></datafield><datafield ind1=" " ind2=" " tag="100"><subfield code="a">Alexiu, Ion., Andreescu, R., Popescu, A., Fele A, I., Bengulescu, D., Boconcios, I</subfield></datafield><datafield ind1=" " ind2=" " tag="245"><subfield code="a">Circuite cu semiconductoare in industrie.apara te de masurat</subfield></datafield><datafield ind1=" " ind2=" " tag="260"><subfield code="a">Bucuresti, Editura Tehnica, 1970. 536 Pg</subfield></datafield><datafield ind1=" " ind2=" " tag="852"><subfield code="a">32619</subfield></datafield></record></collection>